@book{Goodfellow-et-al-2016,
    title={Deep Learning},
    author={Ian Goodfellow and Yoshua Bengio and Aaron Courville},
    publisher={MIT Press},
    note={\url{http://www.deeplearningbook.org}},
    year={2016}
}

@misc{ROC_wifi,
	note = {\url{https://en.wikipedia.org/wiki/Receiver_operating_characteristic}},
	title = {Receiver operating characteristic, Wikipedia.},
author = {Wikipedia},
	url = {https://en.wikipedia.org/wiki/Receiver_operating_characteristic},
	urldate = {2023-12-17},
	year = {2023}}

@misc{lecnotes,
  title = {Lecture Notes, Applied Data Analysis and Machine Learning},
  author = {M. Hjorth-Jensen},
url = {https://compphysics.github.io/MachineLearning/doc/LectureNotes/_build/html/week46.html},
year = {2023},
note={\url{https://compphysics.github.io/MachineLearning/doc/LectureNotes/_build/html/week46.html}}
}


@misc {forestcovertype,
note = {\url{https://www.kaggle.com/datasets/uciml/forest-cover-type-dataset}},
    title = {Forest Cover Type Dataset},
      author = {Blackard,Jock},
    year = {1998}}

@misc {proj2,
title = {Project2, FYS-STK4155},
author = {Marco Pozzoli and Lila Cassan},
year = {2023}}


@article{MANDREKAR20101315,
	author = {Jayawant N. Mandrekar},
	journal = {Journal of Thoracic Oncology},
	number = {9},
	pages = {1315-1316},
	title = {Receiver Operating Characteristic Curve in Diagnostic Test Assessment},
	volume = {5},
	year = {2010}}

